@BOOK{rif1,
  title = {Time-of-Flight and Structured Light Depth Cameras},
  year = {2016},
  author = {Pietro Zanuttigh and Giulio Marin and Carlo Dal Mutto and Fabio Dominio and Ludovico Minto and Guido Maria Cortelazzo},
  publisher = "Springer"
}

@ARTICLE{resnet,
Author = {Kaiming He and Xiangyu Zhang and Shaoqing Ren and Jian Sun},
Title = {Deep Residual Learning for Image Recognition},
Year = {2015},
Eprint = {arXiv:1512.03385},
}